% Encoding: UTF-8

@Misc{Raetzman:2016aa,
  author        = {Lori T. Raetzman and Matthew J. Biehl and Kerim B. Kaylan and Gregory H. Underhill},
  title         = {Uncovering the role of Notch signaling in early hypothalamic fate choices using primary neurospheres and microenvironment arrays},
  year          = {2016},
  howpublished  = {Gordon Research Conference: Notch Signaling in Development, Regeneration and Disease},
  month         = jun,
  date-added    = {2018-09-25 16:42:10 +0000},
  date-modified = {2018-09-25 16:53:38 +0000},
  keywords      = {proceeding},
}

@misc{Kaylan:2018ab,
	Author = {Kerim Kaylan and Ian Berg and Gregory Underhill},
	Date-Added = {2018-09-25 16:36:35 +0000},
	Date-Modified = {2018-09-25 16:53:10 +0000},
	Howpublished = {Biomedical Engineering Society: Cellular and Molecular Bioengineering Conference},
	Keywords = {proceeding},
	Month = jan,
	Title = {Notch signaling coordinates with cell contractility to regulate biliary differentiation of liver progenitor cells},
	Url = {https://www.bmes.org/files/CMBE_P58.pdf},
	Year = {2018},
	Bdsk-Url-1 = {https://www.bmes.org/files/CMBE_P58.pdf}}

@misc{Kaylan:2017ad,
	Author = {Kaylan, Kerim and Berg, Ian and Underhill, Gregory},
	Date-Added = {2018-09-25 16:33:25 +0000},
	Date-Modified = {2018-09-25 16:53:03 +0000},
	Howpublished = {Biomedical Engineering Society Annual Meeting},
	Keywords = {proceeding},
	Month = oct,
	Title = {Notch Signaling Coordinates with Cell Contractility to Drive Biliary Differentiation of Liver Progenitor Cells},
	Url = {http://submissions.mirasmart.com/SecureView/BMESArchive/rad235hwuai.pdf},
	Year = {2017},
	Bdsk-Url-1 = {http://submissions.mirasmart.com/SecureView/BMESArchive/rad235hwuai.pdf}}

@InProceedings{Kourouklis:2016ae,
  author        = {Andreas Kourouklis and Kerim Kaylan and Gregory Underhill},
  title         = {Combinatorial ECM Arrays Reveal the Role of Biomechanics in Liver Progenitor Differentiation},
  booktitle     = {AIChE Annual Meeting Proceedings},
  year          = {2016},
  month         = nov,
  url           = {https://www.aiche.org/conferences/aiche-annual-meeting/2016/proceeding/paper/725e-combinatorial-ecm-arrays-reveal-role-biomechanics-liver-progenitor-differentiation},
  bdsk-url-1    = {https://www.aiche.org/conferences/aiche-annual-meeting/2016/proceeding/paper/136i-role-ecm-biomechanics-liver-progenitor-differentiation},
  date-added    = {2018-09-25 16:27:33 +0000},
  date-modified = {2018-09-25 19:10:50 +0000},
  keywords      = {proceeding},
}

@InProceedings{Kourouklis:2016ad,
  author        = {Andreas Kourouklis and Kerim Kaylan and Gregory Underhill},
  title         = {The Role of ECM Biomechanics in Liver Progenitor Differentiation},
  booktitle     = {AIChE Annual Meeting Proceedings},
  year          = {2016},
  month         = nov,
  url           = {https://www.aiche.org/conferences/aiche-annual-meeting/2016/proceeding/paper/136i-role-ecm-biomechanics-liver-progenitor-differentiation},
  bdsk-url-1    = {https://www.aiche.org/conferences/aiche-annual-meeting/2016/proceeding/paper/136i-role-ecm-biomechanics-liver-progenitor-differentiation},
  date-added    = {2018-09-25 16:25:39 +0000},
  date-modified = {2018-09-25 16:30:23 +0000},
  keywords      = {proceeding},
}

@misc{Kourouklis:2016ac,
	Author = {Kourouklis, Andreas P. and Kerim B. Kaylan and Gregory H. Underhill},
	Date-Added = {2018-09-25 16:24:17 +0000},
	Date-Modified = {2018-09-25 16:53:26 +0000},
	Howpublished = {Biomedical Engineering Society Annual Meeting},
	Keywords = {proceeding},
	Month = oct,
	Title = {Combinatorial ECM Arrays Reveal the Effects of Biomechanics in Liver Progenitor Differentiation},
	Url = {http://submissions.mirasmart.com/SecureView/BMESArchive/radntil5t3r.pdf},
	Year = {2016},
	Bdsk-Url-1 = {http://submissions.mirasmart.com/SecureView/BMESArchive/radntil5t3r.pdf}}

@misc{Kourouklis:2016ab,
	Author = {Kourouklis, Andreas P. and Kerim B. Kaylan and Gregory H. Underhill},
	Date-Added = {2018-09-25 16:22:15 +0000},
	Date-Modified = {2018-09-25 16:53:19 +0000},
	Howpublished = {American Society of Mechanical Engineers NanoEngineering for Medicine and Biology Conference},
	Keywords = {proceeding},
	Month = feb,
	Title = {Matrix Composition and Biophysical Characteristics Coordinately Influence Liver Progenitor Differentiation},
	Url = {https://www.asme.org/wwwasmeorg/media/ResourceFiles/Events/NEMB/NEMB2016FinalProgram.pdf},
	Year = {2016},
	Bdsk-Url-1 = {https://www.asme.org/wwwasmeorg/media/ResourceFiles/Events/NEMB/NEMB2016FinalProgram.pdf}}

@InProceedings{Eguiluz:2016aa,
  author        = {Roberto Andresen Eguiluz and Mohammed Munim and Kerim B. Kaylan and Gregory H. Underhill and Deborah E. Leckband},
  title         = {VE-Cadherin Signals and Substrate Stiffness Regulate Force Transduction through Endothelial Monolayers-Cadherin Signals and Substrate Stiffness Regulate Force Transduction through Endothelial Monolayers},
  booktitle     = {AIChE Annual Meeting Proceedings},
  year          = {2016},
  month         = nov,
  url           = {https://www.aiche.org/conferences/aiche-annual-meeting/2016/proceeding/paper/68g-ve-cadherin-signals-and-substrate-stiffness-regulate-force-transduction-through-endothelial},
  bdsk-url-1    = {https://www.aiche.org/conferences/aiche-annual-meeting/2016/proceeding/paper/68g-ve-cadherin-signals-and-substrate-stiffness-regulate-force-transduction-through-endothelial},
  date-added    = {2018-09-25 14:53:39 +0000},
  date-modified = {2018-09-25 16:13:09 +0000},
  keywords      = {proceeding},
}

@InProceedings{Biehl:2017aa,
  author        = {Matthew J. Biehl and Kerim B. Kaylan and Gregory H. Underhill and Lori T. Raetzman},
  title         = {Cell Fate Decisions in the Developing Hypothalamic Anteroventral Periventricular Nucleus Are Regulated By Canonical Notch Signaling},
  booktitle     = {Endocrine Reviews},
  year          = {2017},
  volume        = {38},
  number        = {3},
  month         = jun,
  url           = {https://endo.confex.com/endo/2017endo/meetingapp.cgi/Paper/32664},
  bdsk-url-1    = {https://endo.confex.com/endo/2017endo/meetingapp.cgi/Paper/32664},
  date-added    = {2018-09-25 14:33:37 +0000},
  date-modified = {2018-09-25 16:14:10 +0000},
  keywords      = {proceeding},
}

@InProceedings{Underhill:2018aa,
  author        = {Underhill, Gregory and Kaylan, Kerim B.},
  title         = {Spatial patterning of liver progenitor cell differentiation mediated by cell contractility and Notch signaling},
  booktitle     = {Nanotechnology in Medicine II: Bridging Translational In Vitro and In Vivo Interfaces},
  year          = {2018},
  editor        = {Millicent Sullivan and Josue Sznitman and Israel Lola Eniola-Adefeso and Srivatsan Kidambi},
  series        = {ECI Symposium Series},
  month         = jun,
  url           = {http://dc.engconfintl.org/nanotech_med_ii/24/},
  bdsk-url-1    = {http://dc.engconfintl.org/nanotech_med_ii/24/},
  date-added    = {2018-09-25 11:54:14 +0000},
  date-modified = {2018-09-25 16:31:34 +0000},
  keywords      = {proceeding},
}

@misc{Kaylan:2017ac,
	Author = {Kerim B. Kaylan},
	Date-Added = {2018-09-20 20:17:57 +0000},
	Date-Modified = {2018-09-25 15:45:08 +0000},
	Howpublished = {College of Medicine Research Day in Chicago, IL},
	Keywords = {poster},
	Month = dec,
	Title = {Engineering microenvironments for studying liver development},
	Year = {2017}}

@misc{Kaylan:2018aa,
	Author = {Kerim B. Kaylan},
	Date-Added = {2018-09-20 20:15:56 +0000},
	Date-Modified = {2018-09-25 15:45:15 +0000},
	Howpublished = {Ideas on Tap Research Mixer in Chicago, IL},
	Keywords = {poster},
	Month = jul,
	Title = {Engineering microenvironments for studying liver development},
	Year = {2018}}

@misc{Kaylan:2017ab,
	Author = {Kerim B. Kaylan},
	Date-Added = {2018-09-20 20:14:25 +0000},
	Date-Modified = {2018-09-25 15:47:14 +0000},
	Howpublished = {Medical Scholars Program Retreat in Monticello, IL},
	Keywords = {talk},
	Month = aug,
	Title = {Dissecting mechanisms of liver progenitor fate specification using cellular microarrays},
	Year = {2017}}

@misc{Kaylan:2010aa,
	Author = {Kerim Kaylan and Hossein Tavana and Shuichi Takayama},
	Date-Added = {2018-09-20 19:34:53 +0000},
	Date-Modified = {2018-09-25 16:08:22 +0000},
	Howpublished = {Student Biomedical Research Forum in Ann Arbor, MI},
	Keywords = {poster},
	Month = nov,
	Title = {A novel cell migration assay utilizing polymeric aqueous two-phase systems},
	Year = {2010}}

@Misc{Kaylan:2011ab,
  author        = {Kerim Kaylan and Ingrid Lesaca and Guoying Jiang and Hélène Gazzano-Santoro},
  title         = {Development of a functional assay for MAb1},
  year          = {2011},
  howpublished  = {Genetech Intern Poster Day in South San Francisco, CA},
  month         = aug,
  date-added    = {2018-09-20 19:34:18 +0000},
  date-modified = {2018-09-25 15:44:06 +0000},
  keywords      = {poster},
}

@Misc{Kaylan:2011aa,
  author        = {Kerim Kaylan and Ingrid Lesaca and Guoying Jiang and Hélène Gazzano-Santoro},
  title         = {Development of a functional assay for MAb1 utilizing peptide uptake},
  year          = {2011},
  howpublished  = {Genentech Analytical Development and Quality Control Poster Mixer in South San Francisco, CA},
  month         = oct,
  date-added    = {2018-09-20 19:33:23 +0000},
  date-modified = {2018-09-25 15:44:00 +0000},
  keywords      = {poster},
}

@misc{Kaylan:2014ae,
	Author = {Kerim Kaylan and Viktoriya Ermilova and Gregory Underhill},
	Date-Added = {2018-09-20 19:32:48 +0000},
	Date-Modified = {2018-09-25 15:44:31 +0000},
	Howpublished = {Bioengineering Days in Urbana, IL},
	Keywords = {poster},
	Month = feb,
	Title = {Deconstructing combinatorial microenvironmental regulation in hepatoblastoma using cell microarrays},
	Year = {2014}}

@misc{Kaylan:2014ad,
	Author = {Kerim Kaylan and Viktoriya Ermilova and Gregory Underhill},
	Date-Added = {2018-09-20 19:32:10 +0000},
	Date-Modified = {2018-09-25 19:08:49 +0000},
	Howpublished = {College of Medicine Research Day in Urbana, IL},
	Keywords = {poster},
	Month = feb,
	Title = {Deconstructing combinatorial microenvironmental regulation in hepatoblastoma using cell microarrays},
	Year = {2014}}

@misc{Kaylan:2014ac,
	Author = {Kerim Kaylan and Viktoriya Ermilova and Gregory Underhill},
	Date-Added = {2018-09-20 19:31:34 +0000},
	Date-Modified = {2018-09-25 15:44:12 +0000},
	Howpublished = {Medical Scholars Program Retreat in Monticello, IL},
	Keywords = {poster},
	Month = aug,
	Title = {Deconstructing combinatorial microenvironmental regulation in hepatoblastoma using cell microarrays},
	Year = {2014}}

@misc{Kaylan:2014ab,
	Author = {Kerim Kaylan and Viktoriya Ermilova and Gregory Underhill},
	Date-Added = {2018-09-20 19:30:55 +0000},
	Date-Modified = {2018-09-25 15:44:18 +0000},
	Howpublished = {Graduate Cancer Community Fall Symposium in Urbana, IL},
	Keywords = {poster},
	Month = sep,
	Title = {Deconstructing combinatorial microenvironmental regulation in hepatoblastoma using cell microarrays},
	Year = {2014}}

@Misc{Kaylan:2015ad,
  author        = {Kerim B. Kaylan and Stefan D. Gentile and Lauren E. Milling and Kaustubh N. Bhinge and Farhad Kosari and Gregory H. Underhill},
  title         = {Combinatorial cell microarrays for analyzing ECM regulation of tumor cell drug response},
  year          = {2015},
  howpublished  = {College of Medicine Research Day in Urbana, IL},
  month         = apr,
  date-added    = {2018-09-20 19:29:47 +0000},
  date-modified = {2018-09-25 15:44:52 +0000},
  keywords      = {poster},
}

@Misc{Kaylan:2015ab,
  author        = {Kerim B. Kaylan and Stefan D. Gentile and Lauren E. Milling and Kaustubh N. Bhinge and Farhad Kosari and Gregory H. Underhill},
  title         = {Combinatorial cell microarrays for analyzing ECM regulation of tumor cell drug response},
  year          = {2015},
  howpublished  = {Medical Scholars Program Retreat in Monticello, IL},
  month         = aug,
  date-added    = {2018-09-20 19:28:20 +0000},
  date-modified = {2018-09-25 15:44:38 +0000},
  keywords      = {poster},
}

@article{Tavana:2011aa,
	Author = {Tavana, Hossein and Kaylan, Kerim and Bersano-Begey, Tommaso and Luker, Kathryn E and Luker, Gary D and Takayama, Shuichi},
	Date-Modified = {2018-09-20 19:29:40 +0000},
	Doi = {10.1002/adfm.201002559},
	Journal = {Advanced Functional Materials},
	Keywords = {article},
	Number = {15},
	Pages = {2920--2926},
	Publisher = {Wiley-VCH Verlag},
	Title = {Rehydration of polymeric, aqueous, biphasic system facilitates high throughput cell exclusion patterning for cell migration studies},
	Volume = {21},
	Year = {2011},
	Bdsk-Url-1 = {https://doi.org/10.1002/adfm.201002559}}

@incollection{Kaylan:2016ae,
	Author = {Kaylan, Kerim B and Underhill, Gregory H},
	Booktitle = {Gels Handbook: Fundamentals, Properties and Applications Volume 2: Applications of Hydrogels in Regenerative Medicine},
	Date-Modified = {2018-09-25 11:51:21 +0000},
	Doi = {10.1142/9789813140394_0015},
	Keywords = {book},
	Pages = {427--462},
	Title = {Hydrogels for hepatic tissue engineering},
	Year = {2016},
	Bdsk-Url-1 = {https://doi.org/10.1142/9789813140394_0015}}

@Article{Atefi:2016aa,
  author        = {Atefi, Ehsan and Fyffe, Darcy and Kaylan, Kerim B and Tavana, Hossein},
  title         = {Characterization of aqueous two-phase systems from volume and density measurements},
  journal       = {Journal of Chemical \& Engineering Data},
  year          = {2016},
  volume        = {61},
  number        = {4},
  pages         = {1531--1539},
  doi           = {10.1021/acs.jced.5b00901},
  bdsk-url-1    = {https://doi.org/10.1021/acs.jced.5b00901},
  date-modified = {2018-09-20 19:29:40 +0000},
  keywords      = {article},
  publisher     = {American Chemical Society},
}

@Article{Kaylan:2016ac,
  author        = {Kaylan*, Kerim B and Ermilova*, Viktoriya and Yada, Ravi Chandra and Underhill, Gregory H},
  title         = {Combinatorial microenvironmental regulation of liver progenitor differentiation by Notch ligands, TGF$\beta$, and extracellular matrix},
  journal       = {Scientific Reports},
  year          = {2016},
  volume        = {6},
  number        = {23490},
  doi           = {10.1038/srep23490},
  bdsk-url-1    = {https://doi.org/10.1038/srep23490},
  date-modified = {2018-09-20 19:29:40 +0000},
  keywords      = {article},
  publisher     = {Nature Publishing Group},
}

@article{Kourouklis:2016aa,
	Author = {Kourouklis*, Andreas P and Kaylan*, Kerim B and Underhill, Gregory H},
	Date-Modified = {2018-09-20 19:29:40 +0000},
	Doi = {10.1016/j.biomaterials.2016.05.016},
	Journal = {Biomaterials},
	Keywords = {article},
	Pages = {82--94},
	Publisher = {Elsevier},
	Title = {Substrate stiffness and matrix composition coordinately control the differentiation of liver progenitor cells},
	Volume = {99},
	Year = {2016},
	Bdsk-Url-1 = {https://doi.org/10.1016/j.biomaterials.2016.05.016}}

@article{Kaylan:2016af,
	Author = {Kaylan, Kerim B and Gentile, Stefan D and Milling, Lauren E and Bhinge, Kaustubh N and Kosari, Farhad and Underhill, Gregory H},
	Date-Modified = {2018-09-20 19:29:40 +0000},
	Doi = {10.1039/c6ib00179c},
	Journal = {Integrative Biology},
	Keywords = {article},
	Number = {12},
	Pages = {1221--1231},
	Publisher = {Royal Society of Chemistry},
	Title = {Mapping lung tumor cell drug responses as a function of matrix context and genotype using cell microarrays},
	Volume = {8},
	Year = {2016},
	Bdsk-Url-1 = {https://doi.org/10.1039/c6ib00179c}}

@article{Kaylan:2017aa,
	Author = {Kaylan, Kerim B and Kourouklis, Andreas P. and Underhill, Gregory H.},
	Date-Modified = {2018-09-20 19:29:40 +0000},
	Doi = {10.3791/55362},
	Journal = {Journal of Visualized Experiments: JoVE},
	Keywords = {article},
	Number = {121},
	Title = {A high-throughput cell microarray platform for correlative analysis of cell differentiation and traction forces},
	Year = {2017},
	Bdsk-Url-1 = {https://doi.org/10.3791/55362}}

@Article{Eguiluz:2017aa,
  author        = {Eguiluz, Roberto C Andresen and Kaylan, Kerim B and Underhill, Gregory H and Leckband, Deborah E},
  title         = {Substrate stiffness and VE-cadherin mechano-transduction coordinate to regulate endothelial monolayer integrity},
  journal       = {Biomaterials},
  year          = {2017},
  volume        = {140},
  pages         = {45--57},
  doi           = {10.1016/j.biomaterials.2017.06.010},
  bdsk-url-1    = {https://doi.org/10.1016/j.biomaterials.2017.06.010},
  date-modified = {2018-09-20 19:29:40 +0000},
  keywords      = {article},
  publisher     = {Elsevier},
}

@Article{Biehl:2018aa,
  author        = {Biehl, Matthew J and Kaylan, Kerim B and Thompson, Robert J and Gonzalez, Rachel V and Weis, Karen E and Underhill, Gregory H and Raetzman, Lori T},
  title         = {Cellular fate decisions in the developing female anteroventral periventricular nucleus are regulated by canonical Notch signaling},
  journal       = {Developmental Biology},
  year          = {2018},
  volume        = {442},
  number        = {1},
  pages         = {87--100},
  doi           = {10.1016/j.ydbio.2018.06.005},
  bdsk-url-1    = {https://doi.org/10.1016/j.ydbio.2018.06.005},
  date-modified = {2018-09-20 19:29:40 +0000},
  keywords      = {article},
  publisher     = {Academic Press},
}

@misc{Kaylan:2016ab,
	Author = {Kerim B. Kaylan and Gentile, Stefan D. and Lauren E. Milling and Kaustubh N. Bhinge and Farhad Kosari and Gregory H. Underhill},
	Date-Modified = {2018-09-25 15:56:29 +0000},
	Howpublished = {Biomedical Engineering Society Annual Meeting in Minneapolis, MN},
	Keywords = {talk},
	Month = oct,
	Title = {Mapping tumor cell drug response as a function of matrix context using combinatorial cell microarrays},
	Url = {http://submissions.mirasmart.com/SecureView/BMESArchive/radr4l0g22j.pdf},
	Year = {2016},
	Bdsk-Url-1 = {http://submissions.mirasmart.com/SecureView/BMESArchive/radr4l0g22j.pdf}}

@Misc{Kaylan:2016aa,
  author        = {Kerim B. Kaylan and Viktoriya Ermilova and Ravi Chandra Yada and Gregory H. Underhill},
  title         = {Cellular microarrays reveal combinatorial effects of Notch ligands, TGF$\beta$, and extracellular matrix on liver progenitor differentiation},
  year          = {2016},
  howpublished  = {American Society of Mechanical Engineers NanoEngineering for Medicine and Biology Conference in Houston, TX},
  month         = feb,
  url           = {https://www.asme.org/wwwasmeorg/media/ResourceFiles/Events/NEMB/NEMB2016FinalProgram.pdf},
  bdsk-url-1    = {https://www.asme.org/wwwasmeorg/media/ResourceFiles/Events/NEMB/NEMB2016FinalProgram.pdf},
  date-modified = {2018-09-25 15:56:36 +0000},
  keywords      = {talk},
}

@Misc{Kaylan:2015aa,
  author        = {Kerim B. Kaylan and Stefan D. Gentile and Lauren E. Milling and Kaustubh N. Bhinge and Farhad Kosari and Gregory H. Underhill},
  title         = {Combinatorial cell microarrays for analyzing ECM regulation of tumor cell drug response},
  year          = {2015},
  howpublished  = {American Physician Scientists Association Annual Meeting in Chicago, IL},
  month         = apr,
  date-modified = {2018-09-25 15:46:49 +0000},
  keywords      = {poster},
}

@misc{Kaylan:2014aa,
	Author = {Kerim Kaylan and Viktoriya Ermilova and Gregory Underhill},
	Date-Modified = {2018-09-25 16:07:16 +0000},
	Howpublished = {Biomedical Engineering Society Meeting in San Antonio, TX},
	Keywords = {poster},
	Month = oct,
	Title = {Arrayed microenvironments for probing liver progenitor cell fate decisions},
	Url = {http://submissions.mirasmart.com/SecureView/BMESArchive/radv5lkysxy.pdf},
	Year = {2014},
	Bdsk-Url-1 = {http://submissions.mirasmart.com/SecureView/BMESArchive/radv5lkysxy.pdf}}

@Misc{Kaylan:2016ad,
  author        = {Kaylan, Kerim B.},
  title         = {Combinatorial microenvironmental regulation of liver progenitor differentiation by Notch ligands, TGF$\beta$, and extracellular matrix},
  year          = {2016},
  howpublished  = {oSTEM Minority Research Symposium in Urbana, IL},
  month         = apr,
  date-modified = {2018-09-25 15:47:17 +0000},
  keywords      = {talk},
}

@Misc{Kaylan:2015ac,
  author        = {Kaylan, Kerim B.},
  title         = {Combinatorial microenvironmental regulation of liver progenitor differentiation by Notch ligands, TGF$\beta$, and extracellular matrix},
  year          = {2015},
  howpublished  = {Bioengineering Graduate Student Seminar Series in Urbana, IL},
  month         = sep,
  date-modified = {2018-09-25 15:44:46 +0000},
  keywords      = {talk},
}

@Comment{jabref-meta: databaseType:biblatex;}
